<record><leader>00000cas a22000007a 4500</leader><controlfield tag="001">10926021</controlfield><controlfield tag="008">840707d19321933ohudn ne      0    0eng d</controlfield><controlfield tag="009">3783</controlfield><datafield ind1=" " ind2=" " tag="010"><subfield code="a">sn 84028331 </subfield></datafield><datafield ind1=" " ind2=" " tag="040"><subfield code="a">NPY</subfield><subfield code="b">eng</subfield><subfield code="c">NPY</subfield><subfield code="d">ONP</subfield></datafield><datafield ind1=" " ind2=" " tag="042"><subfield code="a">msc</subfield></datafield><datafield ind1="0" ind2=" " tag="130"><subfield code="a">Lorain journal the Lorain times-herald (Lorain, Ohio : 1932)</subfield></datafield><datafield ind1="0" ind2="4" tag="245"><subfield code="a">The Lorain journal the Lorain times-herald.</subfield></datafield><datafield ind1="1" ind2="3" tag="246"><subfield code="a">Lorain journal and the Lorain times herald</subfield></datafield><datafield ind1="1" ind2="7" tag="246"><subfield code="a">Lorain journal</subfield></datafield><datafield ind1=" " ind2=" " tag="260"><subfield code="a">Lorain, Ohio :</subfield><subfield code="b">Lorain Journal Co.,</subfield><subfield code="c">1932-1933.</subfield></datafield><datafield ind1=" " ind2=" " tag="300"><subfield code="a">v.</subfield></datafield><datafield ind1=" " ind2=" " tag="310"><subfield code="a">Daily (except Sun.)</subfield></datafield><datafield ind1="0" ind2=" " tag="362"><subfield code="a">Vol. 12, no. 181 (Dec. 21, 1932)-v. 12, no. 235 (Feb. 25, 1933) = 54th year, no. 181-54th year, no. 235.</subfield></datafield><datafield ind1=" " ind2=" " tag="500"><subfield code="a">"Independent."</subfield></datafield><datafield ind1=" " ind2=" " tag="500"><subfield code="a">Editor: Frank Maloy.</subfield></datafield><datafield ind1=" " ind2=" " tag="752"><subfield code="a">United States</subfield><subfield code="b">Ohio</subfield><subfield code="c">Lorain</subfield><subfield code="d">Lorain.</subfield></datafield><datafield ind1="0" ind2="4" tag="780"><subfield code="t">Lorain journal (Lorain, Ohio : 1921)</subfield><subfield code="w">(DLC)sn 84028330</subfield></datafield><datafield ind1="0" ind2="4" tag="780"><subfield code="t">Lorain times-herald</subfield><subfield code="w">(DLC)sn 84028329</subfield></datafield><datafield ind1="0" ind2="0" tag="785"><subfield code="t">Lorain journal and times-herald</subfield><subfield code="w">(DLC)sn 83045286</subfield></datafield></record>